=LDR  00293cam a2200085 a 4500
=001  abox
=008  870909s1986\\\\enka\\\\\\\\\\000\0\eng\d
=245  00$abox from 6076057
=999  \\$aM1522 BOX 1$wALPHANUM$i36105115680386$lMSS-30$mSPEC-COLL$tNONCIRC
=999  \\$aM1522 BOX 2$wALPHANUM$i36105115680386$lMSS-30$mSPEC-COLL$tNONCIRC

