=LDR  00305cam a2200085 a 4500
=001  acarton
=008  870909s1986\\\\enka\\\\\\\\\\000\0\eng\d
=245  00$acarton from 5825667
=999  \\$aM1479 CARTON 1$wALPHANUM$i36105115855228$lMSS-30$mSPEC-COLL$tNONCIRC
=999  \\$aM1479 CARTON 2$wALPHANUM$i36105115855772$lMSS-30$mSPEC-COLL$tNONCIRC

