=LDR  00459cam a2200097 a 4500
=001  acolonDewey
=008  870909s1986\\\\enka\\\\\\\\\\000\0\eng\d
=245  00$adewey with colon from 3195844
=999  \\$a505 .N285 V.434:1-680 2005$wDEWEYPER$c1$i36105121608587$lSHELBYTITL$mSCIENCE$tPERI2
=999  \\$a505 .N285 V.428:NO.6978-6981 2004$wDEWEYPER$c4$i36105114023281$lSHELBYTITL$mSCIENCE$tPERI
=999  \\$a505 .N285 V.458:543--1212 2009$wDEWEYPER$c1$i36105123660933$lSHELBYTITL$mSCIENCE$tPERI2

