=LDR  00564cam a2200109 a 4500
=001  acolonLC
=008  870909s1986\\\\enka\\\\\\\\\\000\0\eng\d
=245  00$aLC with colon from 3195844 and 3195846
=999  \\$aQ1 .N2 V.434:NO.7031 2005:MAR.17$wLCPER$c1$i36105113299601$lSTACKS$mEARTH-SCI$tPERIUNBND
=999  \\$aQ1 .N2 V.421-426 2003:INDEX$wLCPER$c1$i36105113872662$lSTACKS$mEARTH-SCI$tPERIUNBND
=999  \\$aQ1 .N2 V.171 1953:JAN.-MAR.$wLCPER$c1$i36105126662050$lSTACKS$mGREEN$tSTKS-PERI
=999  \\$aQ1 .S34 V.293:5527-5535 2001:JUL.-AUG.$wLCPER$c11$i36105028826514$lSTACKS$mGREEN$tSTKS-PERI

