=LDR  00532cam a2200109 a 4500
=001  acutterEndsLetDewey
=008  060502s2005\\\\mx\\\\\\\\\\\\000\0\spa\d
=245  13$aletter at end of cutter Dewey from 2221080 and 370787
=999  \\$a888.4 .JF78A V.5$wDEWEY$i36105002486350$lSTACKS$mGREEN$tSTKS-MONO
=999  \\$a888.4 .JF78A V.6$wDEWEY$i36105005481937$lSTACKS$mGREEN$tSTKS-MONO
=999  \\$a505 .N285B V.241-245 1973$wDEWEYPER$i36105000923040$lSTACKS$mPHYSICS$tPERI
=999  \\$a505 .N285B V.229-234 1971$wDEWEYPER$i36105000923156$lSTACKS$mPHYSICS$tSTKS-MONO

