=LDR  00338cam a2200085 a 4500
=001  acutterEndsLetLC
=008  060502s2005\\\\mx\\\\\\\\\\\\000\0\spa\d
=245  13$aletter at end of cutter LC from 5621049
=999  \\$aTX519 .D26S 1954 V.1$wLC$i36105049317899$lSTACKS$mEDUCATION$tSTKS-MONO
=999  \\$aTX519 .D26S 1954 V.2$wLC$i36105049317907$lSTACKS$mEDUCATION$tSTKS-MONO

