=LDR  00353cam a2200085 a 4500
=001  acutterEndsLetLCGrade
=008  060502s2005\\\\mx\\\\\\\\\\\\000\0\spa\d
=245  13$aletter at end of cutter LC and Grade from 5621459
=999  \\$aTX519 .L18ST GRADE 1$wLC$i36105049323657$lSTACKS$mEDUCATION$tSTKS-MONO
=999  \\$aTX519 .L18ST GRADE 2$wLC$i36105049323665$lSTACKS$mEDUCATION$tSTKS-MONO

