=LDR  00351cas a2200085 a 4500
=001  acutterEndsLetLCSerial
=008  780930m19391944nyu\\\p\\\\\\\000\v\eng\d
=245  13$aletter at end of cutter LC SERIAL from 5621049
=999  \\$aTX519 .D26S 1954 V.1$wLC$i36105049317899$lSTACKS$mEDUCATION$tSTKS-MONO
=999  \\$aTX519 .D26S 1954 V.2$wLC$i36105049317907$lSTACKS$mEDUCATION$tSTKS-MONO

