=LDR  00320cam a2200085 a 4500
=001  aflatBox
=008  870909s1986\\\\enka\\\\\\\\\\000\0\eng\d
=245  00$aflat box from 6076057
=999  \\$aM1522 FLAT BOX 17$wALPHANUM$c1$i36105115690641$lMSS-30$mSPEC-COLL$tNONCIRC
=999  \\$aM1522 FLAT BOX 18$wALPHANUM$c1$i36105115690641$lMSS-30$mSPEC-COLL$tNONCIRC

