=LDR  00328cam a2200085 a 4500
=001  agovDocCalif1
=008  870909s1986\\\\enka\\\\\\\\\\000\0\eng\d
=245  00$agov doc Calif from 4460732
=999  \\$aCALIF T900 .J6$wALPHANUM$c1$i4460732-2001$lCALIF-DOCS$mGREEN$tGOVSTKS
=999  \\$aCALIF T900 .J6 V.1-2$wALPHANUM$c1$i36105123936382$lCALIF-DOCS$mGREEN$tGOVSTKS

