=LDR  00336cam a2200085 a 4500
=001  agovDocCalif2
=008  870909s1986\\\\enka\\\\\\\\\\000\0\eng\d
=245  00$agov doc Calif from 2972671
=999  \\$aCALIF L1080 .J67$wALPHANUM$c1$i001APN6839$lCALIF-DOCS$mGREEN$tGOVSTKS
=999  \\$aCALIF L1080 .J67 V.1-12:NO.1$wALPHANUM$c1$i36105123634045$lCALIF-DOCS$mGREEN$tGOVSTKS

