=LDR  00325cam a2200085 a 4500
=001  ahalfCarton
=008  870909s1986\\\\enka\\\\\\\\\\000\0\eng\d
=245  00$ahalf carton
=999  \\$aM1522 HALF CARTON 1$wALPHANUM$c1$i36105115680386$lMANUSCRIPT$mSPEC-COLL$tNONCIRC
=999  \\$aM1522 HALF CARTON 2$wALPHANUM$c1$i36105115680386$lMANUSCRIPT$mSPEC-COLL$tNONCIRC

