=LDR  00320cam a2200085 a 4500
=001  aindex
=008  870909s1986\\\\enka\\\\\\\\\\000\0\eng\d
=245  00$aindex from 463598
=999  \\$aML1 .I614 INDEX 1969-1986$wLCPER$c1$i36105006679893$lR-STACKS$mMUSIC$tNH-7DAY
=999  \\$aML1 .I614 INDEX 1969-1988$wLCPER$c1$i36105006679901$lR-STACKS$mMUSIC$tNH-7DAY

