=LDR  00337cam a2200085 a 4500
=001  alargeFolder
=008  870909s1986\\\\enka\\\\\\\\\\000\0\eng\d
=245  00$alarge folder
=999  \\$aM1522 LARGE FOLDER 26$wALPHANUM$c1$i36105115640307$lMANUSCRIPT$mSPEC-COLL$tMANUSCRIPT
=999  \\$aM1522 LARGE FOLDER 27$wALPHANUM$c1$i36105115640307$lMANUSCRIPT$mSPEC-COLL$tMANUSCRIPT

