=LDR  00342cam a2200085 a 4500
=001  amapFolder
=008  870909s1986\\\\enka\\\\\\\\\\000\0\eng\d
=245  00$amap folder from 6076057
=999  \\$aM1522 MAP FOLDER 26$wALPHANUM$c1$i36105115640307$lMANUSCRIPT$mSPEC-COLL$tMANUSCRIPT
=999  \\$aM1522 MAP FOLDER 27$wALPHANUM$c1$i36105115640307$lMANUSCRIPT$mSPEC-COLL$tMANUSCRIPT

