=LDR  00344cam a2200085 a 4500
=001  amfilmReel
=008  870909s1986\\\\enka\\\\\\\\\\000\0\eng\d
=245  00$amfilm reel from 6993357
=999  \\$aCD3031 .A35 T-60 MFILM REEL 3$wALPHANUM$c1$i36105073572195$lMICROFILM$mHOOVER$tMFILM
=999  \\$aCD3031 .A35 T-60 MFILM REEL 4$wALPHANUM$c1$i36105073572203$lMICROFILM$mHOOVER$tMFILM

