=LDR  01269cam a2200217 i 4500
=001  aMonths
=008  790220||||||||||||\\\\\\\\\\\|||\|\eng\\
=245  12$aMonths as suffixes from 6747599
=999  \\$aBM198.2 .H85$wLCPER$i6747599-1001$lSEE-OTHER$mSAL3$tSTKS-PERI
=999  \\$aBM198.2 .H85 OCT 2006$wLCPER$i36105127767619$lSTACKS$mSAL3$tSTKS-PERI
=999  \\$aBM198.2 .H85 NOV 2006$wLCPER$i36105127767627$lSTACKS$mSAL3$tSTKS-PERI
=999  \\$aBM198.2 .H85 DEC 2006$wLCPER$i36105127767635$lSTACKS$mSAL3$tSTKS-PERI
=999  \\$aBM198.2 .H85 JAN 2007$wLCPER$i36105127767643$lSTACKS$mSAL3$tSTKS-PERI
=999  \\$aBM198.2 .H85 FEB 2007$wLCPER$i36105127767650$lSTACKS$mSAL3$tSTKS-PERI
=999  \\$aBM198.2 .H85 MAR 2007$wLCPER$i36105127767668$lSTACKS$mSAL3$tSTKS-PERI
=999  \\$aBM198.2 .H85 APR 2007$wLCPER$i36105122104107$lSTACKS$mSAL3$tSTKS-PERI
=999  \\$aBM198.2 .H85 MAY 2007$wLCPER$i36105122104115$lSTACKS$mSAL3$tSTKS-PERI
=999  \\$aBM198.2 .H85 JUN 2007$wLCPER$c1$i36105122104123$lSTACKS$mSAL3$tSTKS-PERI
=999  \\$aBM198.2 .H85 JUL 2007$wLCPER$c1$i36105122104124$lSTACKS$mSAL3$tSTKS-PERI
=999  \\$aBM198.2 .H85 AUG 2007$wLCPER$c1$i36105122104125$lSTACKS$mSAL3$tSTKS-PERI
=999  \\$aBM198.2 .H85 SEP 2007$wLCPER$c1$i36105122104126$lSTACKS$mSAL3$tSTKS-PERI

