=LDR  00415cam a2200097 a 4500
=001  aseriesBox1
=008  891204s1990\\\\ru\\\\\\\\\\\\000\0\rus\\
=245  10$aseries box from 4085208
=999  \\$aSC 165$wASIS$c1$i4085208-1001$lU-ARCHIVES$mSPEC-COLL$tARCHIVE
=999  \\$aSC 165 SERIES 5 BOX 1$wALPHANUM$c1$i36105116222980$lUARCH-30$mSPEC-COLL$tNONCIRC
=999  \\$aSC 165 SERIES 5 BOX 2$wALPHANUM$c1$i36105116222998$lUARCH-30$mSPEC-COLL$tNONCIRC

