=LDR  00440cam a2200097 a 4500
=001  aseriesBox2
=008  891204s1990\\\\ru\\\\\\\\\\\\000\0\rus\\
=245  10$aseries box from 4332640
=999  \\$aM1090 SERIES 17 BOX 234$wALPHANUM$c1$i36105116169512$lUARCH-30$mSPEC-COLL$tNONCIRC
=999  \\$aM1090 SERIES 19 MODEL 124$wALPHANUM$c1$i36105116165783$lUARCH-30$mSPEC-COLL$tNONCIRC
=999  \\$aM1090 SERIES 24 BOX 1$wALPHANUM$c1$i36105115652104$lUARCH-30$mSPEC-COLL$tNONCIRC

