=LDR  00377cam a2200085 a 4500
=001  aseriesHalfBox
=008  870909s1986\\\\enka\\\\\\\\\\000\0\eng\d
=245  00$aseries half box folder from 4332640 and 6076057
=999  \\$aM1090 SERIES 16 HALF BOX 1.1$wALPHANUM$c1$i36105115668217$lMSS-30$mSPEC-COLL$tNONCIRC
=999  \\$aM1090 SERIES 6 HALF BOX 39B$wALPHANUM$c1$i36105115691045$lMANUSCRIPT$mSPEC-COLL$tNONCIRC

