=LDR  00390cam a2200085 a 4500
=001  aseriesLargeMapFolder
=008  870909s1986\\\\enka\\\\\\\\\\000\0\eng\d
=245  00$aseries large map folder from 4332640
=999  \\$aM1090 SERIES 16 LARGE MAP FOLDER 276.5$wALPHANUM$c1$i36105115689759$lMSS-30$mSPEC-COLL$tNONCIRC
=999  \\$aM1090 SERIES 16 LARGE MAP FOLDER 279.1$wALPHANUM$c1$i36105115690310$lMSS-30$mSPEC-COLL$tNONCIRC

