=LDR  00371cam a2200085 a 4500
=001  aseriesOSFolder
=008  870909s1986\\\\enka\\\\\\\\\\000\0\eng\d
=245  00$aseries os folder from 4332640
=999  \\$aM1090 SERIES 16 OS FOLDER 276.3$wALPHANUM$c1$i36105115689627$lMANUSCRIPT$mSPEC-COLL$tNONCIRC
=999  \\$aM1090 SERIES 16 OS FOLDER 279.2$wALPHANUM$c1$i36105115690385$lMANUSCRIPT$mSPEC-COLL$tNONCIRC

