=LDR  00375cam a2200085 a 4500
=001  aseriesSmallFolder
=008  870909s1986\\\\enka\\\\\\\\\\000\0\eng\d
=245  00$aseries small folder from 4332640
=999  \\$aM1090 SERIES 16 SMALL FOLDER 72.06$wALPHANUM$c1$i36105115689692$lMSS-30$mSPEC-COLL$tNONCIRC
=999  \\$aM1090 SERIES 16 SMALL FOLDER 72.21$wALPHANUM$c1$i36105115595667$lMSS-30$mSPEC-COLL$tNONCIRC

