=LDR  00396cam a2200085 a 4500
=001  aseriesSmallMapFolder
=008  870909s1986\\\\enka\\\\\\\\\\000\0\eng\d
=245  00$aseries small map folder from 4332640
=999  \\$aM1090 SERIES 16 SMALL MAP FOLDER 72.02$wALPHANUM$c1$i36105115689635$lMANUSCRIPT$mSPEC-COLL$tNONCIRC
=999  \\$aM1090 SERIES 16 SMALL MAP FOLDER 318$wALPHANUM$c1$i36105116166922$lMANUSCRIPT$mSPEC-COLL$tNONCIRC

