=LDR  00352cam a2200085 a 4500
=001  asmallMapFolder
=008  870909s1986\\\\enka\\\\\\\\\\000\0\eng\d
=245  00$asmall map folder
=999  \\$aM1522 SMALL MAP FOLDER 26$wALPHANUM$c1$i36105115640307$lMANUSCRIPT$mSPEC-COLL$tMANUSCRIPT
=999  \\$aM1522 SMALL MAP FOLDER 27$wALPHANUM$c1$i36105115640307$lMANUSCRIPT$mSPEC-COLL$tMANUSCRIPT

