=LDR  00438cas a2200097 a 4500
=001  avolOnly
=008  870909s1986\\\\enka\\\\\\\\\\000\0\eng\d
=245  00$acall number is vol only from 3195844
=999  \\$a V.432: NO.7013-7017-7020 2004$wLCPER$c1$i36105024533866$lSHELBYTITL$mHOPKINS$tPERI
=999  \\$aV.433: NO.7021-7024 2005$wLCPER$c1$i36105024533981$lSHELBYTITL$mHOPKINS$tPERI
=999  \\$a V.421/426 2003 INDEX$wLCPER$c1$i36105028435308$lSHELBYTITL$mHOPKINS$tPERI

