=LDR  00338cas a2200085 a 4500
=001  ayear4digitSerial
=008  780930m19391944nyu\\\p\\\\\\\000\v\eng\d
=245  00$aserial: year 4 digit from 356476
=999  \\$aQD1 .C59 1975:P.1-742$wLCPER$c1$i36105002195076$lSTACKS$mSAL$tSTKS-MONO
=999  \\$aQD1 .C59 1972:P.1207-2456$wLCPER$c1$i36105002195134$lSTACKS$mSAL$tSTKS-MONO

